@misc{repo,
    title = {ActiveDisturbanceRejectionControl.jl},
    author = {Bagge Carlson, Fredrik},
    journal = {GitHub repository},
    howpublished = {\url{https://github.com/baggepinnen/ActiveDisturbanceRejectionControl.jl}}
}

@article{Bezanson2017,
  title={Julia: A fresh approach to numerical computing},
  author={Bezanson, Jeff and Edelman, Alan and Karpinski, Stefan and Shah, Viral B},
  journal={SIAM review},
  volume={59},
  number={1},
  pages={65--98},
  year={2017},
  publisher={SIAM}
}

@article{herbst2013simulative,
  title={A simulative study on active disturbance rejection control (ADRC) as a control tool for practitioners},
  author={Herbst, Gernot},
  journal={Electronics},
  volume={2},
  number={3},
  pages={246--279},
  year={2013},
  publisher={Multidisciplinary Digital Publishing Institute}
}

@inproceedings{gao2003scaling,
  title={Scaling and bandwidth-parameterization based controller tuning},
  author={Gao, Zhiqiang and others},
  booktitle={Acc},
  volume={4},
  pages={989--4},
  year={2003}
}